@inproceedings{vartak2016modeldb,
  title={ModelDB: a system for machine learning model management},
  author={Vartak, Manasi and Subramanyam, Harihar and Lee, Wei-En and Viswanathan, Srinidhi and Husnoo, Saadiyah and Madden, Samuel and Zaharia, Matei},
  booktitle={Proceedings of the Workshop on Human-In-the-Loop Data Analytics},
  pages={1--3},
  year={2016}
}